@article{CMSTDP,
  author = "{The {CMS} Collaboration}",
  title = "{T}he {C}ompact {M}uon {S}olenoid {T}echnical {P}roposal",
  journal = "CERN/LHCC",
  volume = "94-38",
  year = "1994",
  id = "342737",
}