LHC

L. Evans and P. Bryant, \LHC Machine," JINST 3 (2008) S08001.doi:10.1088/1748-0221/3/08/S08001.

 O. S. Bruning, P. Collier, P. Lebrun et al., \LHC Design Report".CERN-2004-003-V-1, http://cdsweb.cern.ch/record/782076.
 
 
 CMS
 
 CMS Collaboration, \The CMS experiment at the CERN LHC," JINST 3 (2008)S08004. doi:10.1088/1748-0221/3/08/S08004.
 
 